<record><leader>00000cas a22000007a 4500</leader><controlfield tag="001">2259533</controlfield><controlfield tag="008">760620d18381849paumr ne      0    0eng d</controlfield><datafield ind1=" " ind2=" " tag="010"><subfield code="a">sn 87052028 </subfield></datafield><datafield ind1=" " ind2=" " tag="040"><subfield code="a">PIT</subfield><subfield code="b">eng</subfield><subfield code="c">PIT</subfield><subfield code="d">NPX</subfield><subfield code="d">NPH</subfield><subfield code="d">MGN</subfield><subfield code="d">YOX</subfield><subfield code="d">CNK</subfield><subfield code="d">NVK</subfield><subfield code="d">OCL</subfield><subfield code="d">KRTAS</subfield><subfield code="d">AQM</subfield><subfield code="d">WAU</subfield><subfield code="d">OCLCF</subfield><subfield code="d">OCLCO</subfield><subfield code="d">OCL</subfield></datafield><datafield ind1=" " ind2=" " tag="019"><subfield code="a">40426012</subfield><subfield code="a">210368712</subfield></datafield><datafield ind1=" " ind2=" " tag="042"><subfield code="a">msc</subfield></datafield><datafield ind1=" " ind2="4" tag="050"><subfield code="a">E448</subfield><subfield code="b">.C56</subfield></datafield><datafield ind1="0" ind2="4" tag="245"><subfield code="a">The Colonization herald and general register.</subfield></datafield><datafield ind1="0" ind2="3" tag="246"><subfield code="a">Colonization herald</subfield></datafield><datafield ind1=" " ind2=" " tag="260"><subfield code="a">Philadelphia [Pa.] :</subfield><subfield code="b">Pennsylvania Colonization Society,</subfield><subfield code="c">1838-1849.</subfield></datafield><datafield ind1=" " ind2=" " tag="300"><subfield code="a">v. ;</subfield><subfield code="c">57 cm.</subfield></datafield><datafield ind1=" " ind2=" " tag="310"><subfield code="a">Monthly,</subfield><subfield code="b">Oct. 18, 1843-June 1849</subfield></datafield><datafield ind1=" " ind2=" " tag="321"><subfield code="a">Frequency varies,</subfield><subfield code="b">Jan. 3, 1838-Sept. 27, 1843</subfield></datafield><datafield ind1="0" ind2=" " tag="362"><subfield code="a">New ser., v. 1, no. 1 (Jan. 3, 1838)-    ; no. 1 (Apr. 23, 1845)-no. 51 (June 1849).</subfield></datafield><datafield ind1=" " ind2="0" tag="650"><subfield code="a">Colonization</subfield><subfield code="v">Newspapers.</subfield></datafield><datafield ind1=" " ind2="0" tag="650"><subfield code="a">Back to Africa movement</subfield><subfield code="v">Newspapers.</subfield></datafield><datafield ind1=" " ind2="0" tag="650"><subfield code="a">African Americans</subfield><subfield code="x">Colonization</subfield><subfield code="z">Africa</subfield><subfield code="v">Newspapers.</subfield></datafield><datafield ind1=" " ind2="0" tag="651"><subfield code="a">Philadelphia (Pa.)</subfield><subfield code="v">Newspapers.</subfield></datafield><datafield ind1=" " ind2="7" tag="650"><subfield code="a">African Americans</subfield><subfield code="x">Colonization.</subfield><subfield code="2">fast</subfield><subfield code="0">(OCoLC)fst00799587</subfield></datafield><datafield ind1=" " ind2="7" tag="650"><subfield code="a">Back to Africa movement.</subfield><subfield code="2">fast</subfield><subfield code="0">(OCoLC)fst00825088</subfield></datafield><datafield ind1=" " ind2="7" tag="650"><subfield code="a">Colonization.</subfield><subfield code="2">fast</subfield><subfield code="0">(OCoLC)fst00868483</subfield></datafield><datafield ind1=" " ind2="7" tag="651"><subfield code="a">Africa.</subfield><subfield code="2">fast</subfield><subfield code="0">(OCoLC)fst01239509</subfield></datafield><datafield ind1=" " ind2="7" tag="651"><subfield code="a">Pennsylvania</subfield><subfield code="z">Philadelphia.</subfield><subfield code="2">fast</subfield><subfield code="0">(OCoLC)fst01204170</subfield></datafield><datafield ind1=" " ind2="7" tag="655"><subfield code="a">Anti-slavery newspapers.</subfield><subfield code="2">ngl</subfield></datafield><datafield ind1=" " ind2="7" tag="655"><subfield code="a">Newspapers.</subfield><subfield code="2">fast</subfield><subfield code="0">(OCoLC)fst01423814</subfield></datafield><datafield ind1=" " ind2=" " tag="752"><subfield code="a">United States</subfield><subfield code="b">Pennsylvania</subfield><subfield code="c">Philadelphia</subfield><subfield code="d">Philadelphia.</subfield></datafield><datafield ind1="0" ind2="0" tag="780"><subfield code="t">Colonization herald (Philadelphia, Pa. : 1835)</subfield><subfield code="w">(DLC)sn 87078204</subfield></datafield><datafield ind1="0" ind2="0" tag="785"><subfield code="t">Colonization herald (Philadelphia, Pa. : 1849)</subfield><subfield code="w">(DLC)sn 83032325</subfield></datafield><datafield ind1=" " ind2=" " tag="938"><subfield code="a">Kirtas Technologies, Inc.</subfield><subfield code="b">KRTS</subfield><subfield code="n">734169</subfield></datafield><datafield ind1="1" ind2=" " tag="029"><subfield code="a">AU@</subfield><subfield code="b">000020128886</subfield></datafield></record>